@article{sedra2020microelectronic,
  title   = {Microelectronic circuits 8th edition},
  author  = {Sedra, A and Smith, KC and Carusone, T Chan and Gaudet, V},
  journal = {Chapter},
  volume  = {14},
  pages   = {1235--1236},
  year    = {2020}
}