@article{kepler,
  title  = {The Six-Cornered Snowflake},
  author = {Johannes Kepler},
  year   = 1611
}

@article{descartes,
  title  = {Observations on the Amsterdam Snowfalls},
  author = {René Descartes},
  year   = 1634
}

@article{hooke,
  title  = {Micrographia: Or some physiological descriptions of minute bodies made by magnifying glass with observations and inquiries thereupon},
  author = {Robert Hooke},
  year   = 1665
}

@article{nakaya,
  title  = {Snow Crystals: Natural and Artificial},
  author = {Ukichiro Nakaya},
  year   = 1954
}

@article{callister,
  title  = {Ciência e engenharia de materiais : uma introdução},
  author = {Callister Junior e Rethwisch},
  year   = 2008
}

@article{steve,
  author = {Steve Mould},
  title  = {Piezoelectricity - why hitting crystals makes electricity},
  year   = {2019},
  url    = {https://www.youtube.com/watch?v=wcJXA8IqYl8}
}

@article{iso9001,
  author = {ISO},
  title  = {Quality management systems — Requirements},
  year   = {2015}
}

@article{astm,
  author = {ASTM Standards},
  title  = {Standard Test Method for Determination of Carbon in Refractory and Reactive Metals and Their Alloys by Combustion Analysis},
  year   = {2016}
}


@article{iso17274,
  author = {ISO},
  title  = {
            Water quality — Application of inductively coupled plasma mass spectrometry},
  year   = {2016}
}

@article{opengeology,
  title  = {Crystals and Crystallization},
  author = {opengeology},
  url    = {https://opengeology.org/Mineralogy/4-crystals-and-crystallization/}
}


@article{veritasium,
  title  = {The Big Misconception About Electricity},
  author = {Veritasium},
  year   = 2021,
  url    = {https://www.youtube.com/watch?v=bHIhgxav9LY}
}

@article{yt_aula10,
  title  = {Aula 10 – Estruturas Cristalinas Cúbicas de Face Centrada, Corpo Centrado e Hexagonal Compacta.
            },
  author = {Explica Professor!},
  year   = 2020,
  url    = {https://www.youtube.com/watch?v=dC-tdrhKAAw&list=PL92zIL5bZDE29eyNePossb4kUEJiiCBM9}
}

@article{yt_aula11,
  title  = {Aula 11 – Massa Específica, Polimorfismo/Alotropia
            },
  author = {Explica Professor!},
  year   = 2020,
  url    = {https://www.youtube.com/watch?v=lBzJZMhLrew&list=PL92zIL5bZDE3DXmMW_DCkcdyOp26vUIjg&index=12}
}

@article{yt_aula12,
  title  = {Aula 12 – Sistemas Cristalinos e Pontos Cristalográficos},
  author = {Explica Professor!},
  year   = 2020,
  url    = {https://www.youtube.com/watch?v=wo8K2vLXr3I&list=PL92zIL5bZDE3DXmMW_DCkcdyOp26vUIjg&index=13}
}


@article{crystalverse,
  title  = {How to Grow Big Table Salt or Sodium Chloride Crystals at Home},
  author = {Chase},
  year   = 2021,
  url    = {https://crystalverse.com/sodium-chloride-crystals/}
}

@article{jordan,
  title  = {Diffusion Current for Electrons and Holes},
  author = {Jordan Louis Edmunds},
  year   = 2019,
  url    = {https://www.youtube.com/watch?v=3qO8nTgLOno}
}

@article{andy,
  title  = {Current and Drift Velocity - IB Physics},
  author = {IB Physics - Andy Masley},
  year   = 2021,
  url    = {https://www.youtube.com/watch?v=aq48O9x9dv8}
}

@article{fick,
  title  = {Fick's Laws of Diffusion},
  author = {sciencefacts},
  year   = 2025,
  url    = {https://www.sciencefacts.net/ficks-laws.html}
}

@article{brillouin,
  title  = {Brillouin zone},
  author = {Wikipedia},
  year   = 2025,
  url    = {https://en.wikipedia.org/wiki/Brillouin_zone}
}

@article{conductionband,
  title = {Semiconductor, Energy band diagram },
  year  = 2020,
  url   = {https://www.learnelectronicswithme.com/2020/06/what-is-semiconductor.html}
}

@article{fermi,
  title  = {Fermi level in semiconductors},
  author = {Engineering Physics},
  year   = 2020,
  url    = {https://www.youtube.com/watch?v=eSTu7G-0pgg}
}

@article{james,
  title  = {Semiconductor Manufacturing Technology},
  author = {James L. Prince},
  year   = 2011
}

Semiconductor Manufacturing Technology


 https://www.youtube.com/watch?v=eSTu7G-0pgg

@article{stephengray,
  title = {Stephen Gray (scientist)},
  year  = 2025,
  url   = {https://en.wikipedia.org/wiki/Stephen_Gray_(scientist)}
}

@article{stephengrayexperiment,
  title  = {A Wire to Connect the World – Stephen Gray’s Discovery},
  year   = 2019,
  author = {Harald Sack},
  url    = {http://scihi.org/wire-connect-stephen-gray/}
}

http://scihi.org/wire-connect-stephen-gray/


@article{semicon,
  title  = {Physics Of Semiconductor Devices},
  author = {KWOK K. NG S.M.SZE},
  year   = 2008
}

@article{larsenglish,
  title  = {Photoconductivity},
  year   = 2021,
  author = {Lars English},
  url    = {https://www.youtube.com/watch?v=6dKtTgBn5Jg}
}
https://www.youtube.com/watch?v=6dKtTgBn5Jg

@article{willoughby,
  author = {historyofinformation},
  title  = {Willoughby Smith Discovers the Photoconductivity of Selenium},
  year   = {1873},
  url    = {https://www.historyofinformation.com/detail.php?entryid=1349}
}

@article{cds,
  author = {electricalelibrary},
  title  = {LDR},
  author = {Pedro Ney Stroski},
  year   = {2017},
  url    = {https://www.electricalelibrary.com/2017/08/04/ldr/}
}

@article{cds_direct,
  author = {direct-token},
  title  = {Terminology (PGM)},
  author = {direct-token},
  url    = {http://www.direct-token.com/en/resistors/resistors-cds.htm}
}


