@article{kepler,
  title  = {The Six-Cornered Snowflake},
  author = {Johannes Kepler},
  year   = 1611
}

@article{descartes,
  title  = {Observations on the Amsterdam Snowfalls},
  author = {René Descartes},
  year   = 1634
}

@article{hooke,
  title  = {Micrographia: Or some physiological descriptions of minute bodies made by magnifying glass with observations and inquiries thereupon},
  author = {Robert Hooke},
  year   = 1665
}

@article{nakaya,
  title  = {Snow Crystals: Natural and Artificial},
  author = {Ukichiro Nakaya},
  year   = 1954
}

@article{callister,
  title  = {Ciência e engenharia de materiais : uma introdução},
  author = {Callister Junior e Rethwisch},
  year   = 2008
}



@article{yt_aula10,
  title  = {Aula 10 – Estruturas Cristalinas Cúbicas de Face Centrada, Corpo Centrado e Hexagonal Compacta.
            },
  author = {Explica Professor!},
  year   = 2020,
  url    = {https://www.youtube.com/watch?v=dC-tdrhKAAw&list=PL92zIL5bZDE29eyNePossb4kUEJiiCBM9}
}

@article{yt_aula11,
  title  = {Aula 11 – Massa Específica, Polimorfismo/Alotropia
            },
  author = {Explica Professor!},
  year   = 2020,
  url    = {https://www.youtube.com/watch?v=lBzJZMhLrew&list=PL92zIL5bZDE3DXmMW_DCkcdyOp26vUIjg&index=12}
}

@article{yt_aula12,
  title  = {Aula 12 – Sistemas Cristalinos e Pontos Cristalográficos},
  author = {Explica Professor!},
  year   = 2020,
  url    = {https://www.youtube.com/watch?v=wo8K2vLXr3I&list=PL92zIL5bZDE3DXmMW_DCkcdyOp26vUIjg&index=13}
}


@article{crystalverse,
  title  = {How to Grow Big Table Salt or Sodium Chloride Crystals at Home},
  author = {Chase},
  year   = 2021,
  url    = {https://crystalverse.com/sodium-chloride-crystals/}
}

@article{semicon,
  title  = {Physics Of Semiconductor Devices},
  author = {KWOK K. NG S.M.SZE},
  year   = 2008
}
